<?xml version="1.0" encoding="UTF-8"?><collection xmlns="http://www.loc.gov/MARC21/slim"><record><leader>00361nam--2200121-i-4500</leader><controlfield tag="001">000044133</controlfield><controlfield tag="002">20161230</controlfield><controlfield tag="005">20161230201044</controlfield><controlfield tag="008">060222s1000------------r-----000-0-eng-d</controlfield><datafield ind1=" " ind2=" " tag="080"><subfield code="a">017.4:025.353</subfield></datafield><datafield ind1=" " ind2=" " tag="245"><subfield code="a">Publications scientifiques, titres et references. 1980-1981-1982</subfield></datafield><datafield ind1=" " ind2=" " tag="260"><subfield code="a">Gif-sur Yvette, Commissariat A L`Energie Atomique, 1984, 141p</subfield></datafield><datafield ind1=" " ind2=" " tag="852"><subfield code="a">D.1420</subfield></datafield></record></collection>